@Misc{fitkit,
	title = {FitKit 3 (Minerva)},
	howpublished = {[online]},
	note = {[vid. 2018-12-30]},
	url = {https://minerva.php5.cz},
}

@Misc{fitkit_schema,
	author = {Václav Šimek},
	title = {FitKit 3 (Minerva) -- schéma zapojení},
	howpublished = {[online]},
	year = {září 2012},
	note = {[vid. 2018-12-30]},
	url = {https://minerva.php5.cz/doc/schemata/Minervafull.pdf},
}

@Misc{k60_manual,
	title = {K60 Sub-Family Reference Manual},
	howpublished = {[online]},
	year = {rev. 2. červen 2012},
	note = {[vid. 2018-12-30]},
	url = {http://cache.freescale.com/files/32bit/doc/ref_manual/K60P144M100SF2V2RM.pdf},
}

@Misc{sdk,
	title = {Kinetis SDK 2.0 API Reference Manual},
	howpublished = {[online]},
	note = {[vid. 2018-12-30]},
	url = {http://mcuxpresso.nxp.com/apidoc/index.html},
}

@Misc{low_pass_filter,
	title = {Low-pass filter},
	howpublished = {[online]},
	year = {prosinec 2018},
	note = {[vid. 2018-12-30]},
	url = {https://en.wikipedia.org/wiki/Low-pass_filter},
}

@Misc{high_pass_filter,
	title = {High-pass filter},
	howpublished = {[online]},
	year = {listopad 2018},
	note = {[vid. 2018-12-30]},
	url = {https://en.wikipedia.org/wiki/High-pass_filter},
}
